<?xml version="1.0" encoding="UTF-8"?><collection xmlns="http://www.loc.gov/MARC21/slim"><record><leader>00291nam--2200109-i-4500</leader><controlfield tag="001">000042439</controlfield><controlfield tag="002">20161230</controlfield><controlfield tag="005">20161230201043</controlfield><controlfield tag="008">060222s1000------------r-----000-0-eng-d</controlfield><datafield ind1=" " ind2=" " tag="245"><subfield code="a">Spectrographie gamma du corps humain</subfield></datafield><datafield ind1=" " ind2=" " tag="260"><subfield code="a">Geneve, Commissariat A L`Energie Atomique, 1958. 2p</subfield></datafield><datafield ind1=" " ind2=" " tag="852"><subfield code="a">6279</subfield></datafield></record></collection>